@misc{webapp-ub,
  author = {Aurélien Esnard},
  howpublished = "\url{https://dept-info.labri.fr/ENSEIGNEMENT/archi/js-y86/index.html}",
  note = "Simulateur y86 web utilisé à l'université de Bordeaux"
}

@misc{standalone-app,
  author = {R. E. Bryant, D. R. O'Hallaron},
  howpublished = "\url{https://dept-info.labri.fr/ENSEIGNEMENT/archi/js-y86/index.html}",
  note = "Application standalone originelle pour simuler un environnement y86"
}

@misc{wiki-application-y86,
  howpublished = "\url{https://gitlab.inria.fr/computer_architecture/y86-environment/-/wikis/existant/application_x86}",
  note = "Description de l'application x86 utilisée pour l'UE Architecture des processeurs" 
}